@book{vapnik1995nature,
  author    = {Vladimir N. Vapnik},
  title     = {The Nature of Statistical Learning Theory},
  publisher = {Springer},
  address   = {New York},
  year      = {1995}
}

@techreport{smola1998tutorial,
  author      = {Alex J. Smola and Bernhard Sch{\"o}lkopf},
  title       = {A Tutorial on Support Vector Regression},
  institution = {NeuroCOLT2 Technical Report Series},
  number      = {NC2-TR-1998-030},
  year        = {1998},
  url         = {https://alex.smola.org/papers/1998/SmoSch98.pdf},
  note        = {Available online}
}

@book{hastie2009elements,
  author    = {Trevor Hastie and Robert Tibshirani and Jerome Friedman},
  title     = {The Elements of Statistical Learning: Data Mining, Inference, and Prediction},
  edition   = {2},
  publisher = {Springer},
  address   = {New York},
  year      = {2009},
  isbn      = {978-0387848570}
}
