@book{vapnik1995nature,
  title={The Nature of Statistical Learning Theory},
  author={Vapnik, Vladimir N.},
  year={1995},
  publisher={Springer},
  address={New York}
}

@techreport{smola1998tutorial,
  title={A Tutorial on Support Vector Regression},
  author={Smola, Alex J. and Sch{\"o}lkopf, Bernhard},
  institution={NeuroCOLT2 Technical Report Series},
  year={1998},
  number={NC2-TR-1998-030},
  url={https://alex.smola.org/papers/1998/SmoSch98.pdf}
}

@book{hastie2009elements,
  title={The Elements of Statistical Learning: Data Mining, Inference, and Prediction},
  author={Hastie, Trevor and Tibshirani, Robert and Friedman, Jerome},
  edition={2},
  year={2009},
  publisher={Springer},
  address={New York},
  isbn={978-0387848570}
}