





@book{doi:10.1137/1.9781611970128,
author = {Wahba, Grace},
title = {Spline Models for Observational Data},
publisher = {Society for Industrial and Applied Mathematics},
year = {1990},
doi = {10.1137/1.9781611970128},
address = {},
edition   = {},
URL = {https://epubs.siam.org/doi/abs/10.1137/1.9781611970128},
eprint = {https://epubs.siam.org/doi/pdf/10.1137/1.9781611970128}
}
